@Comment{
    Copyright (C) 2008 Andrés M. Sajo C. -- andres_sajo_AT_yahoo.com
    LICENCIA GFDL
    Se autoriza  la  copia, distribución  y/o  modificación  de este documento bajo
    los términos de la Licencia de documentación libre GNU, versión 1.2 o cualquier
    otra que  posteriormente  publique la Free Software Foundation;  sin secciones
    invariables,  textos  de  portada, ni  textos de  contraportada. Se incluye una
    copia en inglés de dicha licencia en el archivo "GFDL".
}

@Techreport{bib:introductionCFR,
author = {Todd W. Neller and Marc Lanctot},
title = {An Introduction to Counterfactual Regret Minimization},
institution = {Gettysburg College},
year={2000},
}

@Article{bib:correlated-equilibrium,
author = {Sergiu Hart and Andreu Mas-Colell},
title = {A simple adaptative procedure leading to correlated equilibrium},
journal = {Econometrica},
year = {2000},
volume = {68},
number = {5},
pages = {1127--1150},
month = {Septiembre}
}

@Incollection{bib:conceptos-basicos,
author = {Sergiu Hart},
title = {Games in Extensive and Strategic Forms},
editor = {{R. J. Auman and S. Hart}},
booktitle = {Handbook of Game Theory},
chapter = {2},
pages = {19--40},
publisher = {Elsevier Science Publisher B.V.},
year = {1992},
volume = {1},
month = {Noviembre}
}

@Article{bib:blackwell,
author = {David Blackwell},
title = {An analog of the Minimax Theorem for Vector Payoffs},
journal = {Pacific Journal of Mathematics},
year = {1956},
OPTkey = {},
volume = {6},
number = {1},
pages = {},
month = {Noviembre}
}

@Book{bib:course-game-theory,
author = {Martin J. Osborne and Ariel Rubinstein},
title = {A Course in Game Theory},
publisher = {The MIT Press, Cambridge, Massachusetts},
year = {1994},
OPTvolume = {1}
}

@Conference{bib:cfr,
author = {Martin Zinkevich and Michael Johanson and Michael Bowling and Carmelo Piccione},
title = {Regret Minimization in Games with Incomplete Information},
booktitle = {Advances in Neuronal Information Processing System 20 (NIPS)},
year = {2007},
}

@Conference{bib:montecarlo-cfr,
author = {Marc Lanctot and Kevin Waugh and Martin Zinkevich and Michael Bowling},
title = {Monte Carlo Sampling for Regret Minimization in Extensive Games},
booktitle = {Advances in Neuronal Information Processing System 22 (NIPS)},
year = {2009},
}

@Conference{bib:algoritmo-pl,
author = {Daphne Koller and Nimrod Megid and Bernhard von Sten},
title = {Fast Algorithms for Finding Randomized Strategies in Game Trees},
booktitle = {The 26th Annual ACM Symposium on the Theory of Computing},
year = {1994}
}

@Techreport{bib:tutorial-existence-nash,
author = {Albert Xin Jiang and Kevin Leyton-Brown},
title = {A Tutorial on the Proof of the Existence of Nash Equilibria},
institution = {Department of Computer Science, University of British Columbia},
year = {2007}
}


@Incollection{bib:kuhn-poker,
author = {Harold W. Kuhn},
editor = {Harold W. Kuhn and Albert W. Tucker},
title = {Simplified two-person poker},
booktitle = {Contributions to the Theory of Games},
volume = 1,
pages = {97--103},
year = {1950},
publisher = {Princeton University Press}
}

@Book{bib:handbook-blai,
author = {Kevin Leyton-Brown and Yoav Shoham},
title = {Essentials of Game Theory: A Concise, Multidisciplinary Introduction},
publisher = {Morgan \& Claypool},
year = {2008},
OPTvolume = {1}
}

@Book{bib:pl-chvatal,
author = {Vašek Chvátal},
title = {Linear Programming},
publisher = {W. H. Freeman and Company},
year = {1983},
OPTvolume = {1}
}

@Phdthesis{bib:thesis-marc-lanctot,
author = {Marc Lanctot},
title = {Monte Carlo Sampling and Regret Minimization for Equilibrium Computation and Decision-Making in Large Extensive Form Games},
school = {University of Alberta},
year = {2003}
}

@Incollection{bib:blotto-game,
author = {Ayala Arad and Ariel Rubinstein},
title = {Multi-Dimensional Iterative Reasoning in Action: The Case of the Colonel Blotto Game},
booktitle = {Journal of Economic Behavior \& Organization},
volume = 84,
pages = {571--585},
year = {2012},
publisher = {Elsevier}
}


